
@proceedings{un_lic_plate_and_text,
	title={Unconstrained licence plate and text localization and recognition},
	author={J. Matas, K. Zimmermann},
	year={2005},
	month={Sept.},
	Publisher={IEEE Intelligent Transportation Systems}
}


@conference{rtl_plate_recoginition_on_edsp,
	title={Real-Time License Plate Recognition on an Embedded DSP-Platform},
	author={Clemens Arth, Florian Limberger, Horst Bischof},
	booktitle={Conference on Computer Vision and Pattern Recognition},
	year={2007},
	address={Minneapolis, MN},
	month={June},
	pages={1-8},
	publisher={IEEE}
}

@phdthesis{plate_dection_using_adaboost,
	title={License Plate Detection Using AdaBoost},
	author={Louka Dlagnekov},
	year={2004},
	school={UC San Diego}
}

@article{rrt_face_detection,
  title={Robust Real-Time Face Detection},
  author={Paul Viola, Michael J. Jones},
  journal={International Journal of Computer Vision},
  volume={57},  
  pages={137-154},
  year={2004}
}